{
  "leader": "05639cam a2200661 i 4500",
  "fields": [
    {
      "001": "ocm00022970\\"
    },
    {
      "003": "OCoLC"
    },
    {
      "005": "20220105155127.0"
    },
    {
      "008": "691009s1969\\\\\\\\nyua\\\\\\\\\\b\\\\\\\\001\\0aeng\\\\"
    },
    {
      "010": {
        "ind1": "\\",
        "ind2": "\\",
        "subfields": [
          {
            "a": "   69014692 "
          }
        ]
      }
    },
    {
      "040": {
        "ind1": "\\",
        "ind2": "\\",
        "subfields": [
          {
            "a": "DLC"
          },
          {
            "b": "eng"
          },
          {
            "e": "rda"
          },
          {
            "c": "DLC"
          },
          {
            "d": "EL{dollar}"
          },
          {
            "d": "MUQ"
          },
          {
            "d": "OCLCQ"
          },
          {
            "d": "NLGGC"
          },
          {
            "d": "BTCTA"
          },
          {
            "d": "BAKER"
          },
          {
            "d": "OCLCG"
          },
          {
            "d": "STF"
          },
          {
            "d": "FIC"
          },
          {
            "d": "GBVCP"
          },
          {
            "d": "DEBBG"
          },
          {
            "d": "CTN"
          },
          {
            "d": "IAD"
          },
          {
            "d": "OG#"
          },
          {
            "d": "OCLCQ"
          },
          {
            "d": "OCLCF"
          },
          {
            "d": "OCLCQ"
          },
          {
            "d": "IOO"
          },
          {
            "d": "TAMSA"
          },
          {
            "d": "OCL"
          },
          {
            "d": "OCLCQ"
          },
          {
            "d": "TAMSA"
          },
          {
            "d": "OCL"
          },
          {
            "d": "OCLCQ"
          },
          {
            "d": "P4A"
          },
          {
            "d": "TCJ"
          },
          {
            "d": "VLR"
          },
          {
            "d": "OCL"
          },
          {
            "d": "NLC"
          },
          {
            "d": "OCL"
          },
          {
            "d": "OCLCQ"
          },
          {
            "d": "V5E"
          },
          {
            "d": "PAU"
          },
          {
            "d": "SQP"
          },
          {
            "d": "SNN"
          },
          {
            "d": "MM9"
          },
          {
            "d": "OCLCA"
          },
          {
            "d": "HUELT"
          },
          {
            "d": "OCLCA"
          },
          {
            "d": "OCLCQ"
          },
          {
            "d": "KMS"
          },
          {
            "d": "OCLCQ"
          },
          {
            "d": "CPO"
          },
          {
            "d": "OCLCQ"
          },
          {
            "d": "OCL"
          },
          {
            "d": "VYM"
          },
          {
            "d": "OCLCO"
          },
          {
            "d": "OCLCA"
          },
          {
            "d": "OCL"
          },
          {
            "d": "OCLCA"
          },
          {
            "d": "OCLCQ"
          },
          {
            "d": "OCLCO"
          },
          {
            "d": "GOU"
          },
          {
            "d": "EXG"
          },
          {
            "d": "IL4J6"
          },
          {
            "d": "OCLCO"
          },
          {
            "d": "OCLCQ"
          },
          {
            "d": "OCLCO"
          },
          {
            "d": "OCLCQ"
          },
          {
            "d": "OCLCO"
          },
          {
            "d": "OKX"
          },
          {
            "d": "MVU"
          },
          {
            "d": "UCIDS"
          },
          {
            "d": "OCLCQ"
          },
          {
            "d": "AGL"
          },
          {
            "d": "OCLCO"
          }
        ]
      }
    },
    {
      "016": {
        "ind1": "\\",
        "ind2": "\\",
        "subfields": [
          {
            "a": "(AMICUS)000001920684"
          }
        ]
      }
    },
    {
      "019": {
        "ind1": "\\",
        "ind2": "\\",
        "subfields": [
          {
            "a": "779064636"
          },
          {
            "a": "1165439182"
          },
          {
            "a": "1170605599"
          },
          {
            "a": "1222884040"
          }
        ]
      }
    },
    {
      "020": {
        "ind1": "\\",
        "ind2": "\\",
        "subfields": [
          {
            "a": "039307448X"
          },
          {
            "q": "(hardback)"
          }
        ]
      }
    },
    {
      "020": {
        "ind1": "\\",
        "ind2": "\\",
        "subfields": [
          {
            "a": "9780393074482"
          },
          {
            "q": "(hardback)"
          }
        ]
      }
    },
    {
      "020": {
        "ind1": "\\",
        "ind2": "\\",
        "subfields": [
          {
            "z": "0241018668"
          }
        ]
      }
    },
    {
      "020": {
        "ind1": "\\",
        "ind2": "\\",
        "subfields": [
          {
            "z": "9780241018668"
          }
        ]
      }
    },
    {
      "020": {
        "ind1": "\\",
        "ind2": "\\",
        "subfields": [
          {
            "z": "0393304124"
          }
        ]
      }
    },
    {
      "020": {
        "ind1": "\\",
        "ind2": "\\",
        "subfields": [
          {
            "z": "9780393304121"
          }
        ]
      }
    },
    {
      "035": {
        "ind1": "\\",
        "ind2": "\\",
        "subfields": [
          {
            "a": "(OCoLC)22970"
          },
          {
            "z": "(OCoLC)779064636"
          },
          {
            "z": "(OCoLC)1165439182"
          },
          {
            "z": "(OCoLC)1170605599"
          },
          {
            "z": "(OCoLC)1222884040"
          }
        ]
      }
    },
    {
      "043": {
        "ind1": "\\",
        "ind2": "\\",
        "subfields": [
          {
            "a": "n-us---"
          }
        ]
      }
    },
    {
      "050": {
        "ind1": "0",
        "ind2": "0",
        "subfields": [
          {
            "a": "E744"
          },
          {
            "b": ".A2174"
          }
        ]
      }
    },
    {
      "055": {
        "ind1": "\\",
        "ind2": "0",
        "subfields": [
          {
            "a": "E744"
          },
          {
            "b": ".A2174 1969"
          }
        ]
      }
    },
    {
      "070": {
        "ind1": "\\",
        "ind2": "\\",
        "subfields": [
          {
            "a": "E744.A2"
          }
        ]
      }
    },
    {
      "080": {
        "ind1": "\\",
        "ind2": "\\",
        "subfields": [
          {
            "a": "327(73)"
          },
          {
            "b": "A177"
          }
        ]
      }
    },
    {
      "080": {
        "ind1": "\\",
        "ind2": "\\",
        "subfields": [
          {
            "a": "32(73)\"19\"(093.32)"
          }
        ]
      }
    },
    {
      "080": {
        "ind1": "\\",
        "ind2": "\\",
        "subfields": [
          {
            "a": "920.91:32(73)\"19\""
          }
        ]
      }
    },
    {
      "082": {
        "ind1": "0",
        "ind2": "4",
        "subfields": [
          {
            "a": "327.73"
          },
          {
            "b": "ACH"
          }
        ]
      }
    },
    {
      "100": {
        "ind1": "1",
        "ind2": "\\",
        "subfields": [
          {
            "a": "Acheson, Dean,"
          },
          {
            "d": "1893-1971."
          }
        ]
      }
    },
    {
      "245": {
        "ind1": "1",
        "ind2": "0",
        "subfields": [
          {
            "a": "Present at the creation :"
          },
          {
            "b": "my years in the State Department /"
          },
          {
            "c": "Dean Acheson."
          }
        ]
      }
    },
    {
      "264": {
        "ind1": "\\",
        "ind2": "1",
        "subfields": [
          {
            "a": "New York :"
          },
          {
            "b": "W.W. Norton & Company,"
          },
          {
            "c": "[1969]"
          }
        ]
      }
    },
    {
      "300": {
        "ind1": "\\",
        "ind2": "\\",
        "subfields": [
          {
            "a": "xiv, 798 pages :"
          },
          {
            "b": "illustrations ;"
          },
          {
            "c": "25 cm"
          }
        ]
      }
    },
    {
      "336": {
        "ind1": "\\",
        "ind2": "\\",
        "subfields": [
          {
            "a": "text"
          },
          {
            "b": "txt"
          },
          {
            "2": "rdacontent"
          }
        ]
      }
    },
    {
      "337": {
        "ind1": "\\",
        "ind2": "\\",
        "subfields": [
          {
            "a": "unmediated"
          },
          {
            "b": "n"
          },
          {
            "2": "rdamedia"
          }
        ]
      }
    },
    {
      "338": {
        "ind1": "\\",
        "ind2": "\\",
        "subfields": [
          {
            "a": "volume"
          },
          {
            "b": "nc"
          },
          {
            "2": "rdacarrier"
          }
        ]
      }
    },
    {
      "504": {
        "ind1": "\\",
        "ind2": "\\",
        "subfields": [
          {
            "a": "Includes bibliographical references (pages 770-778) and index."
          }
        ]
      }
    },
    {
      "586": {
        "ind1": "\\",
        "ind2": "\\",
        "subfields": [
          {
            "a": "Pulitzer Prize, History, 1970."
          }
        ]
      }
    },
    {
      "505": {
        "ind1": "0",
        "ind2": "\\",
        "subfields": [
          {
            "a": "Part one. Years of Learning: Assistant Secretary of State, 1941-1945. Enlistment for the War to Come ; The \"Old\" State Department ; The Year We Held Our Breath ; Retrospect ; Economic Warfare at Home ; Economic Warfare Abroad : Deadlock ; Economic Warfare Abroad : Deadlock Ends ; Preparation for an Unknown World ; The International Conference Stage ; The Bretton Woods Agreements ; A Change of Secretaries and of Jobs ; Chief Lobbyist for State ; Success, Disenchantment, and Resignation -- Part two. Action Begins: Under Secretary of State, August 1945-June 1947. A New Job and Widening Responsibilities ; Trouble in High Places ; Washington Agent for the Marshall Mission : Phase One ; The Acheson-Lilienthal Report ; The Department Muffs its Intelligence Role ; The Quebec Agreement ; The Puzzle of Palestine ; Trouble Brews in Washington ; Trouble Breaks in Europe ; Washington Agent for the Marshall Mission : Phase Two ; General Marshall Takes Over ; The Truman Doctrine ; The Crisis Broadens : Birth of the Marshall Plan ; Mustered Out -- Part three. Years of Responsibility: Secretary of State, 1949-1953. Section A. Decisions Were Made Fast in 1949 ; Recalled to Active Duty ; The World that Lay Before Us ; An Eventful Spring ; The North Atlantic Treaty: An Open Covenant Openly Arrived At ; Allied Policy Toward Germany ; The Foreign Ministers Meet in Paris ; Summer Brings Difficult Decisions ; Anglo-American Atomic Cooperation Reviewed ; Devaluation of the Pound ; More Meetings at Home and Abroad ; A Reappraisal of Policies ; Section B. Problems Came Faster in 1950 ; The Attack of the Primitives Begins ; The Attack Mounts ; A New Definition of Foreign Policy ; Europe and the Schuman Plan ; Balanced Collective Forces for Europe ; War in Korea : The Outbreak ; War in Korea : The First Crisis ; September Decisions ; September Surprises ; October Odysseys ; \"An Entirely New War\" ; December Despondency ; Section C. 1951: Year of Troubles and Progress ; Calming Worries at Home and to the South ; Double Trouble in Iran ; Attempts to Stabilize the Korean War ; The Relief of General Mac Arthur ; The Move for an Armistice in Korea ; Peace with Japan ; NATO in Stagnation ; Egypt and the Middle East Command ; Ottawa and Excursions Without Alarums ; The \"Disarmament Assembly\" ; NATO Meets in Rome ; Section D. 1952: Success and Failure at The End ; The Churchill Visit ; Death of a King ; Four Ministers Meet in London ; Lisbon ; Once More Unto the Breach ; Bonn and Paris ; Korea : Frustration, Riot, and Revolt ; A Sentimental Journey ; Indochina ; A Second Try in Iran ; Election Summer ; An Open Covenant Openly Connived Against ; Changing the Guard ; Last Farewells -- Part four. Retrospection in Tranquility. Summing Up."
          }
        ]
      }
    },
    {
      "520": {
        "ind1": "1",
        "ind2": "\\",
        "subfields": [
          {
            "a": "\"As autobiography (this book) is enthralling, as history indispensable, as a manual on government and diplomacy invaluable\"--Wallace Carroll, New York Times Book Review"
          }
        ]
      }
    },
    {
      "600": {
        "ind1": "1",
        "ind2": "0",
        "subfields": [
          {
            "a": "Acheson, Dean,"
          },
          {
            "d": "1893-1971."
          }
        ]
      }
    },
    {
      "650": {
        "ind1": "\\",
        "ind2": "0",
        "subfields": [
          {
            "a": "Cabinet officers"
          },
          {
            "z": "United States"
          },
          {
            "v": "Biography."
          }
        ]
      }
    },
    {
      "650": {
        "ind1": "\\",
        "ind2": "0",
        "subfields": [
          {
            "a": "Diplomacy."
          }
        ]
      }
    },
    {
      "651": {
        "ind1": "\\",
        "ind2": "0",
        "subfields": [
          {
            "a": "United States"
          },
          {
            "x": "Foreign relations"
          },
          {
            "y": "1933-1945."
          }
        ]
      }
    },
    {
      "651": {
        "ind1": "\\",
        "ind2": "0",
        "subfields": [
          {
            "a": "United States"
          },
          {
            "x": "Foreign relations"
          },
          {
            "y": "1945-1953."
          }
        ]
      }
    },
    {
      "600": {
        "ind1": "1",
        "ind2": "7",
        "subfields": [
          {
            "a": "Acheson, Dean,"
          },
          {
            "d": "1893-1971"
          },
          {
            "2": "fast"
          },
          {
            "0": "(OCoLC)fst00034126"
          }
        ]
      }
    },
    {
      "650": {
        "ind1": "\\",
        "ind2": "7",
        "subfields": [
          {
            "a": "Cabinet officers."
          },
          {
            "2": "fast"
          },
          {
            "0": "(OCoLC)fst00843535"
          }
        ]
      }
    },
    {
      "650": {
        "ind1": "\\",
        "ind2": "7",
        "subfields": [
          {
            "a": "Diplomacy."
          },
          {
            "2": "fast"
          },
          {
            "0": "(OCoLC)fst00894188"
          }
        ]
      }
    },
    {
      "650": {
        "ind1": "\\",
        "ind2": "7",
        "subfields": [
          {
            "a": "Diplomatic relations."
          },
          {
            "2": "fast"
          },
          {
            "0": "(OCoLC)fst01907412"
          }
        ]
      }
    },
    {
      "651": {
        "ind1": "\\",
        "ind2": "7",
        "subfields": [
          {
            "a": "United States."
          },
          {
            "2": "fast"
          },
          {
            "0": "(OCoLC)fst01204155"
          }
        ]
      }
    },
    {
      "648": {
        "ind1": "\\",
        "ind2": "7",
        "subfields": [
          {
            "a": "1933-1953"
          },
          {
            "2": "fast"
          }
        ]
      }
    },
    {
      "655": {
        "ind1": "\\",
        "ind2": "7",
        "subfields": [
          {
            "a": "Autobiographies."
          },
          {
            "2": "fast"
          },
          {
            "0": "(OCoLC)fst01919894"
          }
        ]
      }
    },
    {
      "655": {
        "ind1": "\\",
        "ind2": "7",
        "subfields": [
          {
            "a": "Biographies."
          },
          {
            "2": "fast"
          },
          {
            "0": "(OCoLC)fst01919896"
          }
        ]
      }
    },
    {
      "655": {
        "ind1": "\\",
        "ind2": "7",
        "subfields": [
          {
            "a": "Autobiographies."
          },
          {
            "2": "lcgft"
          }
        ]
      }
    },
    {
      "655": {
        "ind1": "\\",
        "ind2": "7",
        "subfields": [
          {
            "a": "Biographies."
          },
          {
            "2": "lcgft"
          }
        ]
      }
    },
    {
      "710": {
        "ind1": "2",
        "ind2": "\\",
        "subfields": [
          {
            "a": "Mazal Holocaust Collection."
          },
          {
            "5": "TxSaTAM"
          }
        ]
      }
    },
    {
      "994": {
        "ind1": "\\",
        "ind2": "\\",
        "subfields": [
          {
            "a": "Z0"
          },
          {
            "b": "NYRVC"
          }
        ]
      }
    },
    {
      "948": {
        "ind1": "\\",
        "ind2": "\\",
        "subfields": [
          {
            "h": "NO HOLDINGS IN NYRVC - 2426 OTHER HOLDINGS"
          }
        ]
      }
    },
    {
      "999": {
        "ind1": "\\",
        "ind2": "\\",
        "subfields": [
          {
            "a": "00000000014108"
          }
        ]
      }
    }
  ]
}